@article{murthy_matter-wave_2014,
	title = {Matter-wave {Fourier} optics with a strongly interacting two-dimensional {Fermi} gas},
	volume = {90},
	copyright = {http://link.aps.org/licenses/aps-default-license},
	issn = {1050-2947, 1094-1622},
	url = {https://link.aps.org/doi/10.1103/PhysRevA.90.043611},
	doi = {10.1103/PhysRevA.90.043611},	number = {4},
	urldate = {2024-06-15},
	journal = {Physical Review A},
	author = {Murthy, P. A. and Kedar, D. and Lompe, T. and Neidig, M. and Ries, M. G. and Wenz, A. N. and Zürn, G. and Jochim, S.},
	month = oct,
	year = {2014},
	pages = {043611},}

@article{asteria_quantum_2021,
	title = {Quantum gas magnifier for sub-lattice-resolved imaging of three-dimensional quantum systems},
	volume = {599},
	issn = {0028-0836, 1476-4687},
	url = {http://arxiv.org/abs/2104.10089},
	doi = {10.1038/s41586-021-04011-2},	number = {7886},
	urldate = {2024-06-15},
	journal = {Nature},
	author = {Asteria, Luca and Zahn, Henrik P. and Kosch, Marcel N. and Sengstock, Klaus and Weitenberg, Christof},
	month = nov,
	year = {2021},	pages = {571--575},}

@phdthesis{dux_optical_2023,
	title = {An {Optical} {Lattice} with {Tunable} {Geometry} for a new {Fermi}-{Hubbard} {Simulator}},	author = {Dux, Daniel Noah},
	year = {2023},}

@phdthesis{geipel_spatially_2023,
	title = {Spatially {Incoherent} {Laser} {Light} for {Homogeneous} {DMD}-{Projected} {Light} {Fields}},	author = {Geipel, Arne Jakob},
	year = {2023},}

@phdthesis{kruip_design_2024,
	title = {Design and {Assembly} of a {Microscope} {Setup} for {Ultracold} {Lithium} {Atoms}},	author = {Kruip, Jonas},
	year = {2024},}

@article{puchalski_lithium_2011,
	title = {Lithium electric dipole polarizability},
	volume = {84},
	copyright = {http://link.aps.org/licenses/aps-default-license},
	issn = {1050-2947, 1094-1622},
	url = {https://link.aps.org/doi/10.1103/PhysRevA.84.052518},
	doi = {10.1103/PhysRevA.84.052518},	number = {5},
	urldate = {2024-08-04},
	journal = {Physical Review A},
	author = {Puchalski, M. and Kędziera, D. and Pachucki, K.},
	month = nov,
	year = {2011},	pages = {052518},}

@article{li_high-numerical-aperture_2020,
	title = {High-numerical-aperture and long-working-distance objectives for single-atom experiments},
	volume = {91},
	issn = {0034-6748, 1089-7623},
	url = {http://arxiv.org/abs/1911.06929},
	doi = {10.1063/5.0001637},	number = {4},
	urldate = {2024-10-14},
	journal = {Review of Scientific Instruments},
	author = {Li, Shaokang and Li, Gang and Wu, Wei and Fan, Qing and Tian, Yali and Yang, Pengfei and Zhang, Pengfei and Zhang, Tiancai},
	month = apr,
	year = {2020},	pages = {043104},}

@misc{su_fast_2024,
	title = {Fast single atom imaging in optical lattice arrays},
	url = {http://arxiv.org/abs/2404.09978},	urldate = {2024-10-14},
	publisher = {arXiv},
	author = {Su, Lin and Douglas, Alexander and Szurek, Michal and Hebert, Anne H. and Krahn, Aaron and Groth, Robin and Phelps, Gregory A. and Markovic, Ognjen and Greiner, Markus},
	month = apr,
	year = {2024},}

@misc{young_tweezer-programmable_2022,
	title = {Tweezer-programmable {2D} quantum walks in a {Hubbard}-regime lattice},
	url = {http://arxiv.org/abs/2202.01204},	urldate = {2024-10-14},
	publisher = {arXiv},
	author = {Young, Aaron W. and Eckner, William J. and Schine, Nathan and Childs, Andrew M. and Kaufman, Adam M.},
	month = feb,
	year = {2022},}

@phdthesis{spar_programmable_2024,
	title = {Programmable {Fermi}-{Hubbard} {Physics} in {Optical} {Tweezers} and {Lattices}},	author = {Spar, Benjamin M},
	year = {2024},}

@phdthesis{culemann_construction_2024,
	address = {Munich},
	type = {Master’s thesis},
	title = {Construction and {Control} of a {Dark} {Spot} {Optical} {Tweezer} {Array} for a {Quantum} {Gas} {Microscope}},	school = {Ludwig–Maximilians–Universität München},
	author = {Culemann, Marcus},
	year = {2024},}

@phdthesis{huang_construction_2024,
	type = {Master’s thesis},
	title = {Construction of an {Optical} {Accordion} {Lattice} for a {Fermionic} {Quantum} {Gas} {Microscope}},	author = {Huang, Xinyi},
	year = {2024},}

@article{orlin_contentment_1977,
	title = {Contentment in graph theory: {Covering} graphs with cliques},
	volume = {80},
	issn = {1385-7258},
	shorttitle = {Contentment in graph theory},
	url = {https://www.sciencedirect.com/science/article/pii/1385725877900555},
	doi = {10.1016/1385-7258(77)90055-5},	number = {5},
	urldate = {2025-02-26},
	journal = {Indagationes Mathematicae (Proceedings)},
	author = {Orlin, James},
	month = jan,
	year = {1977},
	pages = {406--424},}

@inproceedings{gruber_inapproximability_2007,
	address = {Berlin, Heidelberg},
	title = {Inapproximability of {Nondeterministic} {State} and {Transition} {Complexity} {Assuming} {P} $
eq$ {NP}},
	isbn = {978-3-540-73208-2},
	doi = {10.1007/978-3-540-73208-2_21},	booktitle = {Developments in {Language} {Theory}},
	publisher = {Springer},
	author = {Gruber, Hermann and Holzer, Markus},	year = {2007},	pages = {205--216},}

@phdthesis{gehm_preparation_2003,
	title = {Preparation of an optically-trapped degenerate {Fermi} gas of {6Li}: {Finding} the route to degeneracy},
	shorttitle = {Preparation of an optically-trapped degenerate {Fermi} gas of {6Li}},
	url = {https://ui.adsabs.harvard.edu/abs/2003PhDT........61G},	urldate = {2025-03-11},
	author = {Gehm, Michael Eric},
	month = jan,
	year = {2003},
}

@phdthesis{serwane_deterministic_2011,
	title = {Deterministic preparation of a tunable few-fermion system},
	copyright = {info:eu-repo/semantics/openAccess},
	url = {https://archiv.ub.uni-heidelberg.de/volltextserver/12961/},	urldate = {2025-03-11},
	author = {Serwane, Friedhelm},
	year = {2011},}

@article{sibalic_arc_2017,
	title = {{ARC}: {An} open-source library for calculating properties of alkali {Rydberg} atoms},
	volume = {220},
	issn = {0010-4655},
	shorttitle = {{ARC}},
	url = {https://www.sciencedirect.com/science/article/pii/S0010465517301972},
	doi = {10.1016/j.cpc.2017.06.015},	urldate = {2025-03-27},
	journal = {Computer Physics Communications},
	author = {Šibalić, N. and Pritchard, J. D. and Adams, C. S. and Weatherill, K. J.},
	month = nov,
	year = {2017},	pages = {319--331},}

@phdthesis{koepsell_quantum_2021,
	title = {Quantum simulation of doped two-dimensional {Mott} insulators},	author = {Koepsell, Joannis},
	year = {2021},}

@article{asteria_quantum_2021-1,
	title = {Quantum gas magnifier for sub-lattice-resolved imaging of {3D} quantum systems},
	volume = {599},
	copyright = {2021 The Author(s)},
	issn = {1476-4687},
	url = {https://www.nature.com/articles/s41586-021-04011-2},
	doi = {10.1038/s41586-021-04011-2},	number = {7886},
	urldate = {2025-04-12},
	journal = {Nature},
	author = {Asteria, Luca and Zahn, Henrik P. and Kosch, Marcel N. and Sengstock, Klaus and Weitenberg, Christof},
	month = nov,
	year = {2021},	pages = {571--575},}

@article{su_fast_2025,
	title = {Fast single atom imaging for optical lattice arrays},
	volume = {16},
	copyright = {2025 The Author(s)},
	issn = {2041-1723},
	url = {https://www.nature.com/articles/s41467-025-56305-y},
	doi = {10.1038/s41467-025-56305-y},	number = {1},
	urldate = {2025-04-12},
	journal = {Nature Communications},
	author = {Su, Lin and Douglas, Alexander and Szurek, Michal and Hébert, Anne H. and Krahn, Aaron and Groth, Robin and Phelps, Gregory A. and Marković, Ognjen and Greiner, Markus},
	month = jan,
	year = {2025},	pages = {1017},}

@article{bordia_probing_2017,
	title = {Probing {Slow} {Relaxation} and {Many}-{Body} {Localization} in {Two}-{Dimensional} {Quasiperiodic} {Systems}},
	volume = {7},
	copyright = {https://creativecommons.org/licenses/by/4.0/},
	issn = {2160-3308},
	url = {https://link.aps.org/doi/10.1103/PhysRevX.7.041047},
	doi = {10.1103/PhysRevX.7.041047},	number = {4},
	urldate = {2025-05-06},
	journal = {Physical Review X},
	author = {Bordia, Pranjal and Lüschen, Henrik and Scherg, Sebastian and Gopalakrishnan, Sarang and Knap, Michael and Schneider, Ulrich and Bloch, Immanuel},
	month = nov,
	year = {2017},
	pages = {041047},}

@article{chertkov_numerical_2021,
	title = {Numerical {Evidence} for {Many}-{Body} {Localization} in {Two} and {Three} {Dimensions}},
	volume = {126},
	issn = {0031-9007, 1079-7114},
	url = {https://link.aps.org/doi/10.1103/PhysRevLett.126.180602},
	doi = {10.1103/PhysRevLett.126.180602},	number = {18},
	urldate = {2025-05-06},
	journal = {Physical Review Letters},
	author = {Chertkov, Eli and Villalonga, Benjamin and Clark, Bryan K.},
	month = may,
	year = {2021},
	pages = {180602},}

@article{foo_stabilization_2023,
	title = {Stabilization mechanism for many-body localization in two dimensions},
	volume = {5},
	issn = {2643-1564},
	url = {https://link.aps.org/doi/10.1103/PhysRevResearch.5.L032011},
	doi = {10.1103/PhysRevResearch.5.L032011},	number = {3},
	urldate = {2025-05-06},
	journal = {Physical Review Research},
	author = {Foo, D. C. W. and Swain, N. and Sengupta, P. and Lemarié, G. and Adam, S.},
	month = jul,
	year = {2023},
	pages = {L032011},}

@article{decker_many-body_2022,
	title = {Many-body localization and the area law in two dimensions},
	volume = {106},
	issn = {2469-9950, 2469-9969},
	url = {https://link.aps.org/doi/10.1103/PhysRevB.106.L180201},
	doi = {10.1103/PhysRevB.106.L180201},	number = {18},
	urldate = {2025-05-06},
	journal = {Physical Review B},
	author = {Decker, K. S. C. and Kennes, D. M. and Karrasch, C.},
	month = nov,
	year = {2022},
	pages = {L180201},}

@misc{noauthor_review_nodate,
	title = {Review},	urldate = {2025-05-06},}

@article{kondov_disorder-induced_2015,
	title = {Disorder-induced {Localization} in a {Strongly} {Correlated} {Atomic} {Hubbard} {Gas}},
	volume = {114},
	issn = {0031-9007, 1079-7114},
	url = {http://arxiv.org/abs/1305.6072},
	doi = {10.1103/PhysRevLett.114.083002},	number = {8},
	urldate = {2025-05-06},
	journal = {Physical Review Letters},
	author = {Kondov, S. S. and McGehee, W. R. and Xu, W. and DeMarco, B.},
	month = feb,
	year = {2015},	pages = {083002},}

@article{wahl_signatures_2019,
	title = {Signatures of the {Many}-body {Localized} {Regime} in {Two} {Dimensions}},
	volume = {15},
	issn = {1745-2473, 1745-2481},
	url = {http://arxiv.org/abs/1711.02678},
	doi = {10.1038/s41567-018-0339-x},	number = {2},
	urldate = {2025-05-06},
	journal = {Nature Physics},
	author = {Wahl, Thorsten B. and Pal, Arijeet and Simon, Steven H.},
	month = feb,
	year = {2019},	pages = {164--169},}

@article{kshetrimayum_time_2020,
	title = {Time evolution of many-body localized systems in two spatial dimensions},
	volume = {102},
	issn = {2469-9950, 2469-9969},
	url = {https://link.aps.org/doi/10.1103/PhysRevB.102.235132},
	doi = {10.1103/PhysRevB.102.235132},	number = {23},
	urldate = {2025-05-06},
	journal = {Physical Review B},
	author = {Kshetrimayum, A. and Goihl, M. and Eisert, J.},
	month = dec,
	year = {2020},	pages = {235132},}

@article{adler_observation_2024,
	title = {Observation of {Hilbert} space fragmentation and fractonic excitations in {2D}},
	volume = {636},
	copyright = {2024 The Author(s)},
	issn = {1476-4687},
	url = {https://www.nature.com/articles/s41586-024-08188-0},
	doi = {10.1038/s41586-024-08188-0},	number = {8041},
	urldate = {2025-05-06},
	journal = {Nature},
	author = {Adler, Daniel and Wei, David and Will, Melissa and Srakaew, Kritsana and Agrawal, Suchita and Weckesser, Pascal and Moessner, Roderich and Pollmann, Frank and Bloch, Immanuel and Zeiher, Johannes},
	month = dec,
	year = {2024},	pages = {80--85},}

@article{prasad_initial_2022,
	title = {Initial {State} {Dependent} {Dynamics} {Across} {Many}-body {Localization} {Transition}},
	volume = {105},
	issn = {2469-9950, 2469-9969},
	url = {http://arxiv.org/abs/2202.05217},
	doi = {10.1103/PhysRevB.105.214202},	number = {21},
	urldate = {2025-05-06},
	journal = {Physical Review B},
	author = {Prasad, Y. and Garg, Arti},
	month = jun,
	year = {2022},	pages = {214202},}

@misc{halko_finding_2010,
	title = {Finding structure with randomness: {Probabilistic} algorithms for constructing approximate matrix decompositions},
	shorttitle = {Finding structure with randomness},
	url = {http://arxiv.org/abs/0909.4061},
	doi = {10.48550/arXiv.0909.4061},	urldate = {2025-05-06},
	publisher = {arXiv},
	author = {Halko, Nathan and Martinsson, Per-Gunnar and Tropp, Joel A.},
	month = dec,
	year = {2010},}

@article{serwane_deterministic_2011-1,
	title = {Deterministic {Preparation} of a {Tunable} {Few}-{Fermion} {System}},
	volume = {332},
	issn = {0036-8075, 1095-9203},
	url = {http://arxiv.org/abs/1101.2124},
	doi = {10.1126/science.1201351},	number = {6027},
	urldate = {2025-05-13},
	journal = {Science},
	author = {Serwane, F. and Zürn, G. and Lompe, T. and Ottenstein, T. B. and Wenz, A. N. and Jochim, S.},
	month = apr,
	year = {2011},	pages = {336--338},}

@phdthesis{holten_pauli_2022,
	title = {From {Pauli} {Blocking} to {Cooper} {Pairs}: {Emergence} in a {Mesoscopic} {2D} {Fermi} {Gas}},
	url = {http://ultracold.physi.uni-heidelberg.de/files/PhD_2022_Marvin.pdf},
	urldate = {2025-04-03},
	author = {Holten, Marvin},
	year = {2022},}

@article{esslinger_fermi-hubbard_2010,
	title = {Fermi-{Hubbard} {Physics} with {Atoms} in an {Optical} {Lattice}},
	volume = {1},
	issn = {1947-5454, 1947-5462},
	url = {https://www.annualreviews.org/content/journals/10.1146/annurev-conmatphys-070909-104059},
	doi = {10.1146/annurev-conmatphys-070909-104059},	number = {Volume 1, 2010},
	urldate = {2025-05-14},
	journal = {Annual Review of Condensed Matter Physics},
	author = {Esslinger, Tilman},
	month = aug,
	year = {2010},	pages = {129--152},}

@article{gross_quantum_2017,
	title = {Quantum simulations with ultracold atoms in optical lattices},
	volume = {357},
	url = {https://www.science.org/doi/10.1126/science.aal3837},
	doi = {10.1126/science.aal3837},	number = {6355},
	urldate = {2025-05-14},
	journal = {Science},
	author = {Gross, Christian and Bloch, Immanuel},
	month = sep,
	year = {2017},	pages = {995--1001},}

@article{parsons_site-resolved_2016,
	title = {Site-resolved measurement of the spin-correlation function in the {Fermi}-{Hubbard} model},
	volume = {353},
	url = {https://www.science.org/doi/full/10.1126/science.aag1430},
	doi = {10.1126/science.aag1430},	number = {6305},
	urldate = {2025-05-14},
	journal = {Science},
	author = {Parsons, Maxwell F. and Mazurenko, Anton and Chiu, Christie S. and Ji, Geoffrey and Greif, Daniel and Greiner, Markus},
	month = sep,
	year = {2016},	pages = {1253--1256},}

@article{boll_spin-_2016,
	title = {Spin- and density-resolved microscopy of antiferromagnetic correlations in {Fermi}-{Hubbard} chains},
	volume = {353},
	url = {https://www.science.org/doi/full/10.1126/science.aag1635},
	doi = {10.1126/science.aag1635},	number = {6305},
	urldate = {2025-05-14},
	journal = {Science},
	author = {Boll, Martin and Hilker, Timon A. and Salomon, Guillaume and Omran, Ahmed and Nespolo, Jacopo and Pollet, Lode and Bloch, Immanuel and Gross, Christian},
	month = sep,
	year = {2016},	pages = {1257--1260},}

@article{browaeys_many-body_2020,
	title = {Many-body physics with individually controlled {Rydberg} atoms},
	volume = {16},
	copyright = {2020 Springer Nature Limited},
	issn = {1745-2481},
	url = {https://www.nature.com/articles/s41567-019-0733-z},
	doi = {10.1038/s41567-019-0733-z},	number = {2},
	urldate = {2025-05-14},
	journal = {Nature Physics},
	author = {Browaeys, Antoine and Lahaye, Thierry},
	month = feb,
	year = {2020},	pages = {132--142},}

@article{spar_realization_2022,
	title = {Realization of a {Fermi}-{Hubbard} {Optical} {Tweezer} {Array}},
	volume = {128},
	url = {https://link.aps.org/doi/10.1103/PhysRevLett.128.223202},
	doi = {10.1103/PhysRevLett.128.223202},	number = {22},
	urldate = {2025-05-14},
	journal = {Physical Review Letters},
	author = {Spar, Benjamin M. and Guardado-Sanchez, Elmer and Chi, Sungjae and Yan, Zoe Z. and Bakr, Waseem S.},
	month = jun,
	year = {2022},	pages = {223202},}

@article{yan_two-dimensional_2022,
	title = {Two-{Dimensional} {Programmable} {Tweezer} {Arrays} of {Fermions}},
	volume = {129},
	url = {https://link.aps.org/doi/10.1103/PhysRevLett.129.123201},
	doi = {10.1103/PhysRevLett.129.123201},	number = {12},
	urldate = {2025-05-14},
	journal = {Physical Review Letters},
	author = {Yan, Zoe Z. and Spar, Benjamin M. and Prichard, Max L. and Chi, Sungjae and Wei, Hao-Tian and Ibarra-García-Padilla, Eduardo and Hazzard, Kaden R.A. and Bakr, Waseem S.},
	month = sep,
	year = {2022},	pages = {123201},}

@article{brydges_probing_2019,
	title = {Probing {Rényi} entanglement entropy via randomized measurements},
	volume = {364},
	url = {https://www.science.org/doi/10.1126/science.aau4963},
	doi = {10.1126/science.aau4963},	number = {6437},
	urldate = {2025-05-14},
	journal = {Science},
	author = {Brydges, Tiff and Elben, Andreas and Jurcevic, Petar and Vermersch, Benoît and Maier, Christine and Lanyon, Ben P. and Zoller, Peter and Blatt, Rainer and Roos, Christian F.},
	month = apr,
	year = {2019},	pages = {260--263},}

@phdthesis{goloshchapov_modeling_2024,
	title = {Modeling and {Optimization} of {Quantum} {Computer} {Logic} {Operations} on {Neutral} {Atoms}.pdf},
	author = {Goloshchapov, Mikhail},
	year = {2024},}

@phdthesis{zurn_few-fermion_2012,
	title = {Few-fermion systems in one dimension},
	author = {Zürn, Gerhard},
	year = {2012},}

@article{bergschneider_spin-resolved_2018,
	title = {Spin-resolved single-atom imaging of {$^6$Li} in free space},
	volume = {97},
	url = {https://link.aps.org/doi/10.1103/PhysRevA.97.063613},
	doi = {10.1103/PhysRevA.97.063613},	number = {6},
	urldate = {2025-05-19},
	journal = {Physical Review A},
	author = {Bergschneider, Andrea and Klinkhamer, Vincent M. and Becher, Jan Hendrik and Klemt, Ralf and Zürn, Gerhard and Preiss, Philipp M. and Jochim, Selim},
	month = jun,
	year = {2018},
	pages = {063613},}

@misc{khlebnikov_thermalization_2014,
	title = {Thermalization of isolated quantum systems},
	url = {http://arxiv.org/abs/1312.4612},
	doi = {10.48550/arXiv.1312.4612},	urldate = {2025-05-20},
	publisher = {arXiv},
	author = {Khlebnikov, Sergei and Kruczenski, Martin},
	month = mar,
	year = {2014},}

@article{deutsch_quantum_1991,
	title = {Quantum statistical mechanics in a closed system},
	volume = {43},
	url = {https://link.aps.org/doi/10.1103/PhysRevA.43.2046},
	doi = {10.1103/PhysRevA.43.2046},	number = {4},
	urldate = {2025-05-20},
	journal = {Physical Review A},
	author = {Deutsch, J. M.},
	month = feb,
	year = {1991},	pages = {2046--2049},}

@article{srednicki_chaos_1994,
	title = {Chaos and quantum thermalization},
	volume = {50},
	url = {https://link.aps.org/doi/10.1103/PhysRevE.50.888},
	doi = {10.1103/PhysRevE.50.888},	number = {2},
	urldate = {2025-05-20},
	journal = {Physical Review E},
	author = {Srednicki, Mark},
	month = aug,
	year = {1994},	pages = {888--901},}

@article{anderson_absence_1958,
	title = {Absence of {Diffusion} in {Certain} {Random} {Lattices}},
	volume = {109},
	url = {https://link.aps.org/doi/10.1103/PhysRev.109.1492},
	doi = {10.1103/PhysRev.109.1492},	number = {5},
	urldate = {2025-05-20},
	journal = {Physical Review},
	author = {Anderson, P. W.},
	month = mar,
	year = {1958},	pages = {1492--1505},}

@article{roati_anderson_2008,
	title = {Anderson localization of a non-interacting {Bose}–{Einstein} condensate},
	volume = {453},
	copyright = {2008 Macmillan Publishers Limited. All rights reserved},
	issn = {1476-4687},
	url = {https://www.nature.com/articles/nature07071},
	doi = {10.1038/nature07071},	number = {7197},
	urldate = {2025-05-20},
	journal = {Nature},
	author = {Roati, Giacomo and D’Errico, Chiara and Fallani, Leonardo and Fattori, Marco and Fort, Chiara and Zaccanti, Matteo and Modugno, Giovanni and Modugno, Michele and Inguscio, Massimo},
	month = jun,
	year = {2008},	pages = {895--898},}

@article{billy_direct_2008,
	title = {Direct observation of {Anderson} localization of matter waves in a controlled disorder},
	volume = {453},
	copyright = {http://www.springer.com/tdm},
	issn = {0028-0836, 1476-4687},
	url = {https://www.nature.com/articles/nature07000},
	doi = {10.1038/nature07000},	number = {7197},
	urldate = {2025-05-20},
	journal = {Nature},
	author = {Billy, Juliette and Josse, Vincent and Zuo, Zhanchun and Bernard, Alain and Hambrecht, Ben and Lugan, Pierre and Clément, David and Sanchez-Palencia, Laurent and Bouyer, Philippe and Aspect, Alain},
	month = jun,
	year = {2008},
	pages = {891--894},}

@book{abrahams_50_2010,
	address = {Singapore Hackensack, N.J},
	title = {50 years of {Anderson} localization},
	isbn = {978-981-4299-06-0 978-981-4299-08-4},	publisher = {World Scientific Pub. Co},
	author = {Abrahams, Elihu},	year = {2010},}

@article{basko_metalinsulator_2006,
	title = {Metal–insulator transition in a weakly interacting many-electron system with localized single-particle states},
	volume = {321},
	issn = {0003-4916},
	url = {https://www.sciencedirect.com/science/article/pii/S0003491605002630},
	doi = {10.1016/j.aop.2005.11.014},	number = {5},
	urldate = {2025-05-20},
	journal = {Annals of Physics},
	author = {Basko, D. M. and Aleiner, I. L. and Altshuler, B. L.},
	month = may,
	year = {2006},	pages = {1126--1205},}

@article{nandkishore_many-body_2015,
	title = {Many-{Body} {Localization} and {Thermalization} in {Quantum} {Statistical} {Mechanics}},
	volume = {6},
	issn = {1947-5454, 1947-5462},
	url = {https://www.annualreviews.org/content/journals/10.1146/annurev-conmatphys-031214-014726},
	doi = {10.1146/annurev-conmatphys-031214-014726},	number = {Volume 6, 2015},
	urldate = {2025-05-20},
	journal = {Annual Review of Condensed Matter Physics},
	author = {Nandkishore, Rahul and Huse, David A.},
	month = mar,
	year = {2015},	pages = {15--38},}

@article{abanin_colloquium_2019,
	title = {Colloquium: {Many}-body localization, thermalization, and entanglement},
	volume = {91},
	shorttitle = {Colloquium},
	url = {https://link.aps.org/doi/10.1103/RevModPhys.91.021001},
	doi = {10.1103/RevModPhys.91.021001},	number = {2},
	urldate = {2025-05-20},
	journal = {Reviews of Modern Physics},
	author = {Abanin, Dmitry A. and Altman, Ehud and Bloch, Immanuel and Serbyn, Maksym},
	month = may,
	year = {2019},	pages = {021001},}

@article{serbyn_local_2013,
	title = {Local {Conservation} {Laws} and the {Structure} of the {Many}-{Body} {Localized} {States}},
	volume = {111},
	url = {https://link.aps.org/doi/10.1103/PhysRevLett.111.127201},
	doi = {10.1103/PhysRevLett.111.127201},	number = {12},
	urldate = {2025-05-20},
	journal = {Physical Review Letters},
	author = {Serbyn, Maksym and Papić, Z. and Abanin, Dmitry A.},
	month = sep,
	year = {2013},	pages = {127201},}

@article{huse_phenomenology_2014,
	title = {Phenomenology of fully many-body-localized systems},
	volume = {90},
	url = {https://link.aps.org/doi/10.1103/PhysRevB.90.174202},
	doi = {10.1103/PhysRevB.90.174202},	number = {17},
	urldate = {2025-05-20},
	journal = {Physical Review B},
	author = {Huse, David A. and Nandkishore, Rahul and Oganesyan, Vadim},
	month = nov,
	year = {2014},	pages = {174202},}

@article{oganesyan_localization_2007,
	title = {Localization of interacting fermions at high temperature},
	volume = {75},
	url = {https://link.aps.org/doi/10.1103/PhysRevB.75.155111},
	doi = {10.1103/PhysRevB.75.155111},	number = {15},
	urldate = {2025-05-20},
	journal = {Physical Review B},
	author = {Oganesyan, Vadim and Huse, David A.},
	month = apr,
	year = {2007},	pages = {155111},}

@article{de_roeck_stability_2017,
	title = {Stability and instability towards delocalization in many-body localization systems},
	volume = {95},
	url = {https://link.aps.org/doi/10.1103/PhysRevB.95.155129},
	doi = {10.1103/PhysRevB.95.155129},	number = {15},
	urldate = {2025-05-20},
	journal = {Physical Review B},
	author = {De Roeck, Wojciech and Huveneers, François},
	month = apr,
	year = {2017},	pages = {155129},}

@article{choi_exploring_2016,
	title = {Exploring the many-body localization transition in two dimensions},
	volume = {352},
	url = {https://www.science.org/doi/10.1126/science.aaf8834},
	doi = {10.1126/science.aaf8834},	number = {6293},
	urldate = {2025-05-20},
	journal = {Science},
	author = {Choi, Jae-yoon and Hild, Sebastian and Zeiher, Johannes and Schauß, Peter and Rubio-Abadal, Antonio and Yefsah, Tarik and Khemani, Vedika and Huse, David A. and Bloch, Immanuel and Gross, Christian},
	month = jun,
	year = {2016},	pages = {1547--1552},}

@article{bordia_probing_2017-1,
	title = {Probing {Slow} {Relaxation} and {Many}-{Body} {Localization} in {Two}-{Dimensional} {Quasiperiodic} {Systems}},
	volume = {7},
	url = {https://link.aps.org/doi/10.1103/PhysRevX.7.041047},
	doi = {10.1103/PhysRevX.7.041047},	number = {4},
	urldate = {2025-05-20},
	journal = {Physical Review X},
	author = {Bordia, Pranjal and Lüschen, Henrik and Scherg, Sebastian and Gopalakrishnan, Sarang and Knap, Michael and Schneider, Ulrich and Bloch, Immanuel},
	month = nov,
	year = {2017},	pages = {041047},}

@article{singh_signatures_2016,
	title = {Signatures of the many-body localization transition in the dynamics of entanglement and bipartite fluctuations},
	volume = {18},
	issn = {1367-2630},
	url = {https://dx.doi.org/10.1088/1367-2630/18/2/023046},
	doi = {10.1088/1367-2630/18/2/023046},	number = {2},
	urldate = {2025-05-20},
	journal = {New Journal of Physics},
	author = {Singh, Rajeev and Bardarson, Jens H and Pollmann, Frank},
	month = feb,
	year = {2016},	pages = {023046},}

@article{schreiber_observation_2015,
	title = {Observation of many-body localization of interacting fermions in a quasirandom optical lattice},
	volume = {349},
	url = {https://www.science.org/doi/10.1126/science.aaa7432},
	doi = {10.1126/science.aaa7432},	number = {6250},
	urldate = {2025-05-20},
	journal = {Science},
	author = {Schreiber, Michael and Hodgman, Sean S. and Bordia, Pranjal and Lüschen, Henrik P. and Fischer, Mark H. and Vosk, Ronen and Altman, Ehud and Schneider, Ulrich and Bloch, Immanuel},
	month = aug,
	year = {2015},	pages = {842--845},}

@article{kondov_disorder-induced_2015-1,
	title = {Disorder-{Induced} {Localization} in a {Strongly} {Correlated} {Atomic} {Hubbard} {Gas}},
	volume = {114},
	url = {https://link.aps.org/doi/10.1103/PhysRevLett.114.083002},
	doi = {10.1103/PhysRevLett.114.083002},	number = {8},
	urldate = {2025-05-20},
	journal = {Physical Review Letters},
	author = {Kondov, S.S. and McGehee, W.R. and Xu, W. and DeMarco, B.},
	month = feb,
	year = {2015},	pages = {083002},}

@article{rigol_relaxation_2007,
	title = {Relaxation in a {Completely} {Integrable} {Many}-{Body} {Quantum} {System}: {An} \textit{{Ab} {Initio}} {Study} of the {Dynamics} of the {Highly} {Excited} {States} of {1D} {Lattice} {Hard}-{Core} {Bosons}},
	volume = {98},
	copyright = {http://link.aps.org/licenses/aps-default-license},
	issn = {0031-9007, 1079-7114},
	shorttitle = {Relaxation in a {Completely} {Integrable} {Many}-{Body} {Quantum} {System}},
	url = {https://link.aps.org/doi/10.1103/PhysRevLett.98.050405},
	doi = {10.1103/PhysRevLett.98.050405},	number = {5},
	urldate = {2025-05-20},
	journal = {Physical Review Letters},
	author = {Rigol, Marcos and Dunjko, Vanja and Yurovsky, Vladimir and Olshanii, Maxim},
	month = feb,
	year = {2007},
	pages = {050405},}

@article{vidmar_generalized_2016,
	title = {Generalized {Gibbs} ensemble in integrable lattice models},
	volume = {2016},
	issn = {1742-5468},
	url = {https://dx.doi.org/10.1088/1742-5468/2016/06/064007},
	doi = {10.1088/1742-5468/2016/06/064007},	number = {6},
	urldate = {2025-05-20},
	journal = {Journal of Statistical Mechanics: Theory and Experiment},
	author = {Vidmar, Lev and Rigol, Marcos},
	month = jun,
	year = {2016},	pages = {064007},}

@article{saad_analysis_1992,
	title = {Analysis of {Some} {Krylov} {Subspace} {Approximations} to the {Matrix} {Exponential} {Operator}},
	volume = {29},
	issn = {0036-1429},
	url = {https://www.jstor.org/stable/2158085},	number = {1},
	urldate = {2025-05-20},
	journal = {SIAM Journal on Numerical Analysis},
	author = {Saad, Y.},
	year = {1992},	pages = {209--228},}

@article{hochbruck_krylov_1997,
	title = {On {Krylov} {Subspace} {Approximations} to the {Matrix} {Exponential} {Operator}},
	volume = {34},
	issn = {0036-1429},
	url = {https://www.jstor.org/stable/2952023},	number = {5},
	urldate = {2025-05-20},
	journal = {SIAM Journal on Numerical Analysis},
	author = {Hochbruck, Marlis and Lubich, Christian},
	year = {1997},	pages = {1911--1925},}

@article{halko_finding_2011,
	title = {Finding {Structure} with {Randomness}: {Probabilistic} {Algorithms} for {Constructing} {Approximate} {Matrix} {Decompositions}},
	volume = {53},
	issn = {0036-1445},
	shorttitle = {Finding {Structure} with {Randomness}},
	url = {https://epubs.siam.org/doi/10.1137/090771806},
	doi = {10.1137/090771806},	number = {2},
	urldate = {2025-05-20},
	journal = {SIAM Review},
	author = {Halko, N. and Martinsson, P. G. and Tropp, J. A.},
	month = jan,
	year = {2011},	pages = {217--288},}

@article{zener_non-adiabatic_1997,
	title = {Non-adiabatic crossing of energy levels},
	volume = {137},
	url = {https://royalsocietypublishing.org/doi/10.1098/rspa.1932.0165},
	doi = {10.1098/rspa.1932.0165},	number = {833},
	urldate = {2025-05-22},
	journal = {Proceedings of the Royal Society of London. Series A, Containing Papers of a Mathematical and Physical Character},
	author = {Zener, Clarence and Fowler, Ralph Howard},
	month = jan,
	year = {1997},	pages = {696--702},}

@article{landau_zur_1932,
	title = {Zur {Theorie} der {Energieübertragung}. {II}},
	volume = {2},
	journal = {Physikalische Zeitschrift der Sowjetunion},
	author = {Landau, Lev},
	year = {1932},
	pages = {46--51},}
